<record><leader>02186cam a2200493 i 45 0</leader><controlfield tag="001">6756793</controlfield><controlfield tag="003">OCoLC</controlfield><controlfield tag="005">20150126132814.0</controlfield><controlfield tag="008">140616s2015    nyua   a      000 1 eng  </controlfield><datafield ind1=" " ind2=" " tag="010"><subfield code="a">  2014019913</subfield></datafield><datafield ind1=" " ind2=" " tag="020"><subfield code="a">9780399257742 (hardback)</subfield></datafield><datafield ind1=" " ind2=" " tag="020"><subfield code="a">0399257748 (hardback)</subfield></datafield><datafield ind1=" " ind2=" " tag="035"><subfield code="a">ocn881469289</subfield></datafield><datafield ind1=" " ind2=" " tag="040"><subfield code="a">DLC</subfield><subfield code="e">rda</subfield><subfield code="b">eng</subfield><subfield code="c">DLC</subfield><subfield code="d">IG#</subfield><subfield code="d">YCC</subfield><subfield code="d">NYP</subfield><subfield code="d">OCP</subfield><subfield code="d">YDXCP</subfield><subfield code="d">ZS3</subfield><subfield code="d">AFMK</subfield></datafield><datafield ind1="0" ind2="0" tag="050"><subfield code="a">PZ7.P3725</subfield><subfield code="b">Las 2015</subfield></datafield><datafield ind1="0" ind2="0" tag="082"><subfield code="a">[E]</subfield><subfield code="2">23</subfield></datafield><datafield ind1=" " ind2=" " tag="090"><subfield code="a">S NEW 2016</subfield><subfield code="b">ACHCU</subfield></datafield><datafield ind1=" " ind2=" " tag="090"><subfield code="a">DE</subfield><subfield code="b">AEVC</subfield></datafield><datafield ind1=" " ind2=" " tag="090"><subfield code="a">JUV PEN LAS 2015</subfield><subfield code="b">AFMK</subfield></datafield><datafield ind1=" " ind2=" " tag="090"><subfield code="a">PZ 7 P3725 Las 2015</subfield><subfield code="b">AEU</subfield></datafield><datafield ind1=" " ind2=" " tag="090"><subfield code="a">PZ7 .P37 L37 2015</subfield><subfield code="b">AEGMCT</subfield></datafield><datafield ind1="1" ind2=" " tag="100"><subfield code="a">de la Pe&#241;a, Matt,</subfield><subfield code="e">author.</subfield></datafield><datafield ind1="1" ind2="0" tag="245"><subfield code="a">Last stop on Market Street /</subfield><subfield code="c">words by Matt de la Pe&#241;a ; pictures Christian Robinson.</subfield></datafield><datafield ind1=" " ind2="1" tag="264"><subfield code="a">New York, NY :</subfield><subfield code="b">G.P. Putnam's Sons, an imprint of Penguin Group (USA),</subfield><subfield code="c">[2015]</subfield></datafield><datafield ind1=" " ind2="4" tag="264"><subfield code="c">&#169;2015</subfield></datafield><datafield ind1=" " ind2=" " tag="300"><subfield code="a">1 volume (unpaged) :</subfield><subfield code="b">color illustrations ;</subfield><subfield code="c">28 cm</subfield></datafield><datafield ind1=" " ind2=" " tag="336"><subfield code="a">text</subfield><subfield code="2">rdacontent</subfield></datafield><datafield ind1=" " ind2=" " tag="336"><subfield code="a">still image</subfield><subfield code="2">rdacontent</subfield></datafield><datafield ind1=" " ind2=" " tag="337"><subfield code="a">unmediated</subfield><subfield code="2">rdamedia</subfield></datafield><datafield ind1=" " ind2=" " tag="338"><subfield code="a">volume</subfield><subfield code="2">rdacarrier</subfield></datafield><datafield ind1=" " ind2=" " tag="520"><subfield code="a">A young boy, CJ, rides the bus across town with his grandmother and learns to appreciate the beauty in everyday things.</subfield></datafield><datafield ind1=" " ind2=" " tag="596"><subfield code="a">3 8 23 29 41</subfield></datafield><datafield ind1=" " ind2="0" tag="650"><subfield code="a">Buses</subfield><subfield code="v">Juvenile fiction.</subfield></datafield><datafield ind1=" " ind2="0" tag="650"><subfield code="a">Grandmothers</subfield><subfield code="v">Juvenile fiction.</subfield></datafield><datafield ind1=" " ind2="0" tag="650"><subfield code="a">City and town life</subfield><subfield code="v">Juvenile fiction.</subfield></datafield><datafield ind1=" " ind2="0" tag="650"><subfield code="a">African Americans</subfield><subfield code="v">Juvenile fiction.</subfield></datafield><datafield ind1="1" ind2=" " tag="700"><subfield code="a">Robinson, Christian,</subfield><subfield code="e">illustrator.</subfield></datafield><datafield ind1=" " ind2=" " tag="999"><subfield code="h">GMCT-JU-B</subfield></datafield><datafield ind1=" " ind2=" " tag="947"><subfield code="b">MLI</subfield><subfield code="f">QGM</subfield><subfield code="h">GMCT-JU-B</subfield><subfield code="p">18.99</subfield><subfield code="q">1</subfield><subfield code="z">9780399257742</subfield></datafield><datafield ind1=" " ind2=" " tag="926"><subfield code="a">JUV PEN LAS 2015</subfield><subfield code="w">LC</subfield><subfield code="c">1</subfield><subfield code="i">34917001371769</subfield><subfield code="l">JUVENILE</subfield><subfield code="m">KEYANO</subfield><subfield code="p">$11.89</subfield><subfield code="r">Y</subfield><subfield code="s">Y</subfield><subfield code="t">CURR_BOOK</subfield><subfield code="u">12/10/2014</subfield><subfield code="o">.STAFF. Rec'd Jan/15 MW</subfield></datafield><datafield ind1=" " ind2=" " tag="926"><subfield code="a">PZ 7 P3725 Las 2015</subfield><subfield code="w">LC</subfield><subfield code="c">1</subfield><subfield code="i">0162035222940</subfield><subfield code="d">3/13/2017</subfield><subfield code="e">2/18/2017</subfield><subfield code="l">CURRICULUM</subfield><subfield code="m">UAEDUC</subfield><subfield code="n">11</subfield><subfield code="p">$150.00</subfield><subfield code="r">Y</subfield><subfield code="s">Y</subfield><subfield code="t">BOOK</subfield><subfield code="u">1/30/2015</subfield></datafield><datafield ind1=" " ind2=" " tag="926"><subfield code="a">DE</subfield><subfield code="w">ASIS</subfield><subfield code="c">1</subfield><subfield code="i">33862001372287</subfield><subfield code="d">3/29/2017</subfield><subfield code="e">3/20/2017</subfield><subfield code="l">JUVENILE</subfield><subfield code="m">NORQ_MAIN</subfield><subfield code="n">4</subfield><subfield code="p">$16.90</subfield><subfield code="r">Y</subfield><subfield code="s">Y</subfield><subfield code="t">BOOK</subfield><subfield code="u">1/21/2016</subfield></datafield><datafield ind1=" " ind2=" " tag="926"><subfield code="a">S NEW 2016</subfield><subfield code="w">DEWEY</subfield><subfield code="c">1</subfield><subfield code="i">32860001130946</subfield><subfield code="l">CURRICULUM</subfield><subfield code="m">BURMAN</subfield><subfield code="r">Y</subfield><subfield code="s">Y</subfield><subfield code="t">LOCAL_LOAN</subfield><subfield code="u">2/24/2017</subfield></datafield><datafield ind1=" " ind2=" " tag="926"><subfield code="a">PZ7 .P37 L37 2015</subfield><subfield code="w">LC</subfield><subfield code="c">1</subfield><subfield code="i">1007715624</subfield><subfield code="k">AVAIL_SOON</subfield><subfield code="l">JUVENILE</subfield><subfield code="m">GR_MACEWAN</subfield><subfield code="p">$19.74</subfield><subfield code="r">Y</subfield><subfield code="s">Y</subfield><subfield code="t">BOOK</subfield><subfield code="u">3/20/2017</subfield></datafield></record>